@book{ref1,
	title={LATEX},
	author={Alireza Sedghi},
	year={2222},
}


@article{ref2,
	title={very very important paper},
	author={very very important person},
	journal={LaLaLand},
	volume={15},
	number={1},
	pages={10-12},
	year={2015},
}